%%% ====================================================================
%%%  BibTeX-file{
%%%     author          = "Gerry Murray",
%%%     version         = "1.2",
%%%     date            = "2 April 2012",
%%%     filename        = "acmsmall-sample-bibfile.bib",
%%%     address         = "ACM, NY",
%%%     email           = "murray at hq.acm.org",
%%%     codetable       = "ISO/ASCII",
%%%     keywords        = "ACM Reference Format, bibliography, citation, references",
%%%     supported       = "yes",
%%%     docstring       = "This BibTeX database file contains 'bibdata' entries
%%%                        that 'match' the examples provided in the Specifications Document
%%%                        AND, also, 'legacy'-type bibs. It should assist authors in 
%%%                        choosing the 'correct' at-bibtype and necessary bib-fields
%%%                        so as to obtain the appropriate ACM Reference Format output. 
%%%			   It also contains many 'Standard Abbreviations'. "
%%%  }
%%% ====================================================================

% Journals

% First the Full Name is given, then the abbreviation used in the AMS Math
% Reviews, with an indication if it could not be found there.
% Note the 2nd overwrites the 1st, so swap them if you want the full name.

 %{AMS}
%Entries




@inproceedings{kyrola2012graphchi,
  title={Graphchi: Large-scale graph computation on just a pc},
  author={Kyrola, Aapo and Blelloch, Guy E and Guestrin, Carlos},
  year={2012},
  organization={USENIX}
}


@inproceedings{gonzalez2012powergraph,
  title={PowerGraph: Distributed Graph-Parallel Computation on Natural Graphs.},
  author={Gonzalez, Joseph E and Low, Yucheng and Gu, Haijie and Bickson, Danny and Guestrin, Carlos},
  booktitle={OSDI},
  volume={12},
  number={1},
  pages={2},
  year={2012}
}

@inproceedings{gonzalez2014graphx,
  title={GraphX: Graph Processing in a Distributed Dataflow Framework.},
  author={Gonzalez, Joseph E and Xin, Reynold S and Dave, Ankur and Crankshaw, Daniel and Franklin, Michael J and Stoica, Ion},
  booktitle={OSDI},
  volume={14},
  pages={599--613},
  year={2014}
}

@inproceedings{shun2013ligra,
  title={Ligra: a lightweight graph processing framework for shared memory},
  author={Shun, Julian and Blelloch, Guy E},
  booktitle={ACM Sigplan Notices},
  volume={48},
  number={8},
  pages={135--146},
  year={2013},
  organization={ACM}
}

@inproceedings{han2013turbograph,
  title={TurboGraph: a fast parallel graph engine handling billion-scale graphs in a single PC},
  author={Han, Wook-Shin and Lee, Sangyeon and Park, Kyungyeol and Lee, Jeong-Hoon and Kim, Min-Soo and Kim, Jinha and Yu, Hwanjo},
  booktitle={Proceedings of the 19th ACM SIGKDD international conference on Knowledge discovery and data mining},
  pages={77--85},
  year={2013},
  organization={ACM}
}

@inproceedings{nai2017graphpim,
  title={GraphPIM: Enabling Instruction-Level PIM Offloading in Graph Computing Frameworks},
  author={Nai, Lifeng and Hadidi, Ramyad and Sim, Jaewoong and Kim, Hyojong and Kumar, Pranith and Kim, Hyesoon},
  booktitle={High Performance Computer Architecture (HPCA), 2017 IEEE International Symposium on},
  pages={457--468},
  year={2017},
  organization={IEEE}
}

@inproceedings{nai2015graphbig,
  title={GraphBIG: understanding graph computing in the context of industrial solutions},
  author={Nai, Lifeng and Xia, Yinglong and Tanase, Ilie G and Kim, Hyesoon and Lin, Ching-Yung},
  booktitle={High Performance Computing, Networking, Storage and Analysis, 2015 SC-International Conference for},
  pages={1--12},
  year={2015},
  organization={IEEE}
}

@article{lee2017extrav,
  title={ExtraV: boosting graph processing near storage with a coherent accelerator},
  author={Lee, Jinho and Kim, Heesu and Yoo, Sungjoo and Choi, Kiyoung and Hofstee, H Peter and Nam, Gi-Joon and Nutter, Mark R and Jamsek, Damir},
  journal={Proceedings of the VLDB Endowment},
  volume={10},
  number={12},
  pages={1706--1717},
  year={2017},
  publisher={VLDB Endowment}
}

@inproceedings{malicevic2017everything,
  title={Everything You Always Wanted to Know about Multicore Graph Processing but Were Afraid to Ask},
  author={Malicevic, Jasmina and Lepers, Baptiste Joseph Eustache and Zwaenepoel, Willy},
  booktitle={2017 USENIX Annual Technical Conference (USENIX ATC 17)},
  number={EPFL-CONF-228854},
  year={2017}
}

@inproceedings{roy2013x,
  title={X-stream: Edge-centric graph processing using streaming partitions},
  author={Roy, Amitabha and Mihailovic, Ivo and Zwaenepoel, Willy},
  booktitle={Proceedings of the Twenty-Fourth ACM Symposium on Operating Systems Principles},
  pages={472--488},
  year={2013},
  organization={ACM}
}

@article{jung2017simplessd,
  title={SimpleSSD: Modeling Solid State Drives for Holistic System Simulation},
  author={Jung, Myoungsoo and Zhang, Jie and Abulila, Ahmed and Kwon, Miryeong and Shahidi, Narges and Shalf, John and Kim, Nam Sung and Kandemir, Mahmut},
  journal={arXiv preprint arXiv:1705.06419},
  year={2017}
}

@article{binkert2011gem5,
  title={The gem5 simulator},
  author={Binkert, Nathan and Beckmann, Bradford and Black, Gabriel and Reinhardt, Steven K and Saidi, Ali and Basu, Arkaprava and Hestness, Joel and Hower, Derek R and Krishna, Tushar and Sardashti, Somayeh and others},
  journal={ACM SIGARCH Computer Architecture News},
  volume={39},
  number={2},
  pages={1--7},
  year={2011},
  publisher={ACM}
}

@misc{gem5FullSystemSimulation,
  title = {{Gem5} gem5 Full System Simulation},
  howpublished = {\url{http://pages.cs.wisc.edu/~markhill/cs757/Spring2016/learning_gem5/part3/intro.html}},
  note = {Accessed: 2017-10-15}
}

@inproceedings{jun2015bluedbm,
  title={Bluedbm: An appliance for big data analytics},
  author={Jun, Sang-Woo and Liu, Ming and Lee, Sungjin and Hicks, Jamey and Ankcorn, John and King, Myron and Xu, Shuotao and others},
  booktitle={Computer Architecture (ISCA), 2015 ACM/IEEE 42nd Annual International Symposium on},
  pages={1--13},
  year={2015},
  organization={IEEE}
}

@inproceedings{sarma2009tesseract,
  title={Tesseract: Interactive visual exploration of socio-technical relationships in software development},
  author={Sarma, Anita and Maccherone, Larry and Wagstrom, Patrick and Herbsleb, James},
  booktitle={Software Engineering, 2009. ICSE 2009. IEEE 31st International Conference on},
  pages={23--33},
  year={2009},
  organization={IEEE}
}

@inproceedings{wang2015soda,
  title={SODA: software defined FPGA based accelerators for big data},
  author={Wang, Chao and Li, Xi and Zhou, Xuehai},
  booktitle={Design, Automation \& Test in Europe Conference \& Exhibition (DATE), 2015},
  pages={884--887},
  year={2015},
  organization={IEEE}
}

@inproceedings{zhou2017tunao,
  title={TuNao: A High-Performance and Energy-Efficient Reconfigurable Accelerator for Graph Processing},
  author={Zhou, Jinhong and Liu, Shaoli and Guo, Qi and Zhou, Xuda and Zhi, Tian and Liu, Daofu and Wang, Chao and Zhou, Xuehai and Chen, Yunji and Chen, Tianshi},
  booktitle={Proceedings of the 17th IEEE/ACM International Symposium on Cluster, Cloud and Grid Computing},
  pages={731--734},
  year={2017},
  organization={IEEE Press}
}